<record><leader>02212nam a22005177i 4500</leader><controlfield tag="001">6774432</controlfield><controlfield tag="003">OCoLC</controlfield><controlfield tag="005">20141202090232.1</controlfield><controlfield tag="006">m     o  d        </controlfield><controlfield tag="007">cr cnu---unuuu</controlfield><controlfield tag="008">141201s2015    mdu     ob    001 0 eng d</controlfield><datafield ind1=" " ind2=" " tag="020"><subfield code="a">9780810892125</subfield><subfield code="q">electronic bk.</subfield></datafield><datafield ind1=" " ind2=" " tag="020"><subfield code="a">081089212X</subfield><subfield code="q">electronic bk.</subfield></datafield><datafield ind1=" " ind2=" " tag="020"><subfield code="z">9780810893221</subfield></datafield><datafield ind1=" " ind2=" " tag="020"><subfield code="z">0810893223</subfield></datafield><datafield ind1=" " ind2=" " tag="020"><subfield code="z">9780810892118</subfield></datafield><datafield ind1=" " ind2=" " tag="020"><subfield code="z">0810892111</subfield></datafield><datafield ind1=" " ind2=" " tag="035"><subfield code="a">ocn897116991</subfield></datafield><datafield ind1=" " ind2=" " tag="037"><subfield code="a">916590</subfield><subfield code="b">EBSCO</subfield></datafield><datafield ind1=" " ind2=" " tag="039"><subfield code="a">exclude</subfield></datafield><datafield ind1=" " ind2=" " tag="040"><subfield code="a">N$T</subfield><subfield code="b">eng</subfield><subfield code="e">rda</subfield><subfield code="e">pn</subfield><subfield code="c">N$T</subfield><subfield code="d">AEU</subfield></datafield><datafield ind1=" " ind2="4" tag="050"><subfield code="a">Z711</subfield><subfield code="b">.S275 2015eb</subfield></datafield><datafield ind1=" " ind2="7" tag="072"><subfield code="a">LAN</subfield><subfield code="x">025000</subfield><subfield code="2">bisacsh</subfield></datafield><datafield ind1="0" ind2="4" tag="082"><subfield code="a">025.5/2</subfield><subfield code="2">23</subfield></datafield><datafield ind1=" " ind2=" " tag="090"><subfield code="a">Internet Access</subfield><subfield code="b">AEU</subfield></datafield><datafield ind1="1" ind2=" " tag="100"><subfield code="a">Saunders, Laura,</subfield><subfield code="d">1975-</subfield></datafield><datafield ind1="1" ind2="0" tag="245"><subfield code="a">Repositioning reference :</subfield><subfield code="b">new methods and new services for a new age /</subfield><subfield code="c">Laura Saunders, Lillian Rozaklis, and Eileen G. Abels.</subfield></datafield><datafield ind1=" " ind2="1" tag="264"><subfield code="a">Lanham :</subfield><subfield code="b">Rowman &amp; Littlefield,</subfield><subfield code="c">[2015]</subfield></datafield><datafield ind1=" " ind2=" " tag="300"><subfield code="a">1 online resource.</subfield></datafield><datafield ind1=" " ind2=" " tag="336"><subfield code="a">text</subfield><subfield code="b">txt</subfield><subfield code="2">rdacontent</subfield></datafield><datafield ind1=" " ind2=" " tag="337"><subfield code="a">computer</subfield><subfield code="b">c</subfield><subfield code="2">rdamedia</subfield></datafield><datafield ind1=" " ind2=" " tag="338"><subfield code="a">online resource</subfield><subfield code="b">cr</subfield><subfield code="2">rdacarrier</subfield></datafield><datafield ind1=" " ind2=" " tag="504"><subfield code="a">Includes bibliographical references and index.</subfield></datafield><datafield ind1="0" ind2=" " tag="505"><subfield code="a">Evolution of reference services -- Competitive pressures facing reference -- Implications of change : competencies and philosophies -- Thinking outside the box : entrepreneurship in reference service -- Leveraging environmental scanning for repositioning -- Leading and managing change for organizational renewal.</subfield></datafield><datafield ind1=" " ind2=" " tag="506"><subfield code="a">Access restricted to authorized users and institutions.</subfield></datafield><datafield ind1="0" ind2=" " tag="588"><subfield code="a">Print version record.</subfield></datafield><datafield ind1=" " ind2=" " tag="596"><subfield code="a">44</subfield></datafield><datafield ind1=" " ind2="0" tag="650"><subfield code="a">Reference services (Libraries)</subfield></datafield><datafield ind1=" " ind2="0" tag="650"><subfield code="a">Reference services (Libraries)</subfield><subfield code="x">Information technology.</subfield></datafield><datafield ind1=" " ind2="0" tag="650"><subfield code="a">Reference librarians</subfield><subfield code="x">Effect of technological innovations on.</subfield></datafield><datafield ind1=" " ind2="0" tag="650"><subfield code="a">Organizational change.</subfield></datafield><datafield ind1="1" ind2=" " tag="700"><subfield code="a">Rozaklis, Lillian,</subfield><subfield code="d">1978-</subfield></datafield><datafield ind1="1" ind2=" " tag="700"><subfield code="a">Abels, Eileen G.</subfield></datafield><datafield ind1="4" ind2="0" tag="856"><subfield code="3">University of Alberta Access</subfield><subfield code="u">http://search.ebscohost.com/login.aspx?direct=true&amp;scope=site&amp;db=nlebk&amp;db=nlabk&amp;AN=916590</subfield><subfield code="z">(Single User Access)</subfield></datafield><datafield ind1=" " ind2=" " tag="949"><subfield code="h">UAIN</subfield><subfield code="z">EBSCOUA</subfield></datafield><datafield ind1=" " ind2=" " tag="926"><subfield code="a">Internet Access</subfield><subfield code="w">LC</subfield><subfield code="c">1</subfield><subfield code="i">6774432-1001</subfield><subfield code="l">INTERNET</subfield><subfield code="m">UAINTERNET</subfield><subfield code="r">Y</subfield><subfield code="s">Y</subfield><subfield code="t">E-RESOURCE</subfield><subfield code="u">1/12/2015</subfield><subfield code="x">E-BOOK</subfield><subfield code="z">EBSCOUA</subfield></datafield></record>